@Manual{R-car,
  title = {car: Companion to Applied Regression},
  author = {John Fox and Sanford Weisberg},
  year = {2015},
  note = {R package version 2.0-24},
  url = {http://CRAN.R-project.org/package=car},
}
@Manual{R-data.table,
  title = {data.table: Extension of data.frame},
  author = {M Dowle and T Short and S Lianoglou and A Srinivasan with contributions from R Saporta and E Antonyan},
  year = {2014},
  note = {R package version 1.9.4},
  url = {http://CRAN.R-project.org/package=data.table},
}
@Manual{R-devEMF,
  title = {devEMF: EMF Graphics Output Device},
  author = {Philip Johnson},
  year = {2015},
  note = {R package version 2.0},
  url = {http://CRAN.R-project.org/package=devEMF},
}
@Manual{R-directlabels,
  title = {directlabels: Direct labels for multicolor plots in lattice or ggplot2},
  author = {Toby Dylan Hocking},
  year = {2013},
  note = {R package version 2013.6.15},
  url = {http://CRAN.R-project.org/package=directlabels},
}
@Manual{R-dplyr,
  title = {dplyr: A Grammar of Data Manipulation},
  author = {Hadley Wickham and Romain Francois},
  year = {2015},
  note = {R package version 0.4.2},
  url = {http://CRAN.R-project.org/package=dplyr},
}
@Manual{R-foreach,
  title = {foreach: Foreach looping construct for R},
  author = {{Revolution Analytics} and Steve Weston}},
  year = {2014},
  note = {R package version 1.4.2},
  url = {http://CRAN.R-project.org/package=foreach},
}
@Manual{R-ggplot2,
  title = {ggplot2: An implementation of the Grammar of Graphics},
  author = {Hadley Wickham and Winston Chang},
  year = {2014},
  note = {R package version 1.0.0},
  url = {http://CRAN.R-project.org/package=ggplot2},
}
@Manual{R-grattan,
  title = {grattan: Create charts in the style of the Grattan Insitute, Melbourne; perform common quantitative tasks for Australian policy analysts},
  author = {Hugh Parsonage},
  year = {2015},
  note = {R package version 0.2},
}
@Manual{R-gridExtra,
  title = {gridExtra: functions in Grid graphics},
  author = {Baptiste Auguie},
  year = {2012},
  note = {R package version 0.9.1},
  url = {http://CRAN.R-project.org/package=gridExtra},
}
@Manual{R-httr,
  title = {httr: Tools for Working with URLs and HTTP},
  author = {Hadley Wickham},
  year = {2015},
  note = {R package version 0.6.1},
  url = {http://CRAN.R-project.org/package=httr},
}
@Manual{R-knitr,
  title = {knitr: A General-Purpose Package for Dynamic Report Generation in R},
  author = {Yihui Xie},
  year = {2015},
  note = {R package version 1.10.9},
  url = {http://yihui.name/knitr/},
}
@Manual{R-magrittr,
  title = {magrittr: A Forward-Pipe Operator for R},
  author = {Stefan Milton Bache and Hadley Wickham},
  year = {2014},
  note = {R package version 1.5},
  url = {http://CRAN.R-project.org/package=magrittr},
}
@Manual{R-parallelRandomForest,
  title = {parallelRandomForest: Breiman and Cutler's random forests for classification and
regression, enhanced for parallel computation},
  author = {Fortran original by Leo Breiman and Adele Cutler and R port by Andy Liaw and Matthew Wiener.},
  year = {2014},
  note = {R package version 4.6-10},
  url = {http://CRAN.R-project.org/package=parallelRandomForest},
}
@Manual{R-quadprog,
  title = {quadprog: Functions to solve Quadratic Programming Problems.},
  author = {Berwin A. Turlach and Andreas Weingessel},
  year = {2013},
  note = {R package version 1.5-5},
  url = {http://CRAN.R-project.org/package=quadprog},
}
@Manual{R-randomForest,
  title = {randomForest: Breiman and Cutler's random forests for classification and
regression},
  author = {Leo Breiman and Adele Cutler and Andy Liaw and Matthew Wiener},
  year = {2014},
  note = {R package version 4.6-10},
  url = {http://CRAN.R-project.org/package=randomForest},
}
@Manual{R-readr,
  title = {readr: Read Tabular Data},
  author = {Hadley Wickham and Romain Francois},
  year = {2015},
  note = {R package version 0.1.1},
  url = {http://CRAN.R-project.org/package=readr},
}
@Manual{R-readxl,
  title = {readxl: Read Excel Files},
  author = {Hadley Wickham},
  year = {2015},
  note = {R package version 0.1.0},
  url = {http://CRAN.R-project.org/package=readxl},
}
@Manual{R-rsdmx,
  title = {rsdmx: Tools for Reading SDMX Data and Metadata},
  author = {Emmanuel Blondel},
  year = {2015},
  note = {R package version 0.4-6},
  url = {https://github.com/opensdmx/rsdmx, http://www.sdmx.org},
}
@Manual{R-scales,
  title = {scales: Scale functions for graphics.},
  author = {Hadley Wickham},
  year = {2014},
  note = {R package version 0.2.4},
  url = {http://CRAN.R-project.org/package=scales},
}
@Manual{R-tidyr,
  title = {tidyr: Easily Tidy Data with spread() and gather() Functions.},
  author = {Hadley Wickham},
  year = {2014},
  note = {R package version 0.2.0},
  url = {http://CRAN.R-project.org/package=tidyr},
}
@Manual{R-xtable,
  title = {xtable: Export tables to LaTeX or HTML},
  author = {David B. Dahl},
  year = {2014},
  note = {R package version 1.7-4},
  url = {http://CRAN.R-project.org/package=xtable},
}
@Manual{R-zoo,
  title = {zoo: S3 Infrastructure for Regular and Irregular Time Series (Z's
ordered observations)},
  author = {Achim Zeileis and Gabor Grothendieck and Jeffrey A. Ryan},
  year = {2014},
  note = {R package version 1.7-11},
  url = {http://CRAN.R-project.org/package=zoo},
}
